@inproceedings{davey2012modlock,
  title={ModLock: A manual connector for reconfigurable modular robots.},
  author={Davey, Jay and Sastra, Jimmy and Piccoli, Matt and Yim, Mark},
  booktitle={IROS},
  year={2012}
}
@inproceedings{christensen2008unified,
  title={A unified simulator for self-reconfigurable robots},
  author={Christensen, David and Brandt, David and Stoy, Kasper and Schultz, Ulrik Pagh},
  booktitle={IROS},
  year={2008},
}
@article{stoy2002using,
  title={Using role-based control to produce locomotion in chain-type self-reconfigurable robots},
  author={Stoy, Kasper and Shen, Wei-Min and Will, Peter M},
  journal={Mechatronics, IEEE/ASME Trans. on},
  year={2002},
}
@inproceedings{marzinotto2014towards,
  title={Towards a unified behavior trees framework for robot control},
  author={Marzinotto, Alejandro and Colledanchise, Michele and Smith, Christian and Ogren, Petter},
  booktitle={ICRA},
  year={2014},
}
@inproceedings{huang2014rosrv,
  title={ROSRV: Runtime Verification for Robots},
  author={Huang, Jeff and Erdogan, Cansu and Zhang, Yi and Moore, Brandon and Luo, Qingzhou and Sundaresan, Aravind and Rosu, Grigore},
  booktitle={Runtime Verification},
  pages={247--254},
  year={2014},
  organization={Springer}
}
@inproceedings{koenig2004design,
title={Design and use paradigms for gazebo, an open-source multi-robot simulator},
author={Koenig, Nathan and Howard, Andrew},
booktitle={IROS 2004},
year={2004}
}
@article{melek2003neurofuzzy,
  title={Neurofuzzy control of modular and reconfigurable robots},
  author={Melek, William W and Goldenberg, Andrew A},
  journal={Mechatronics, IEEE/ASME Trans. on},
  year={2003},
}
@inproceedings{walter2002choosing,
  title={Choosing good paths for fast distributed reconfiguration of hexagonal metamorphic robots},
  author={Walter, Jennifer E and Tsai, Elizabeth M and Amato, Nancy M},
  booktitle={ICRA},
  year={2002},
}
@inproceedings{salemi2001hormone,
  title={Hormone-controlled metamorphic robots},
  author={Salemi, Behnam and Shen, Wei-Min and Will, Peter},
  booktitle={ICRA},
  year={2001},
}
@Book{stoy2010book,
	author = {Kasper Stoy, David Brandt, David Johan Christensen},
	editor = {},
	title = {Self-reconfigurable robots: an introduction},
	publisher = {MIT Press},
	year = 2010
}
@InProceedings{lipson2000towards,
	title = {Towards continuously reconfigurable self-designing robotics},
	author = {Lipson, Hod and Pollack, Jordan B},
	booktitle = {ICRA},
	year = 2000,
}
@InProceedings{fukuda1990cellular,
	title = {Cellular robotic system (CEBOT) as one of the realization of self-organizing intelligent universal manipulator},
	author = {Fukuda, Toshio and Kawauchi, Yoshio},
	booktitle = {ICRA},
	year = 1990,
}
@InProceedings{brockett1988computer,
	title = {On the computer control of movement},
	author = {Brockett, Roger W},
	booktitle = {ICRA},
	year = 1988,
}
@InProceedings{valdes1979recognition,
	title = {The recognition of series parallel digraphs},
	author = {Valdes, Jacobo and Tarjan, Robert E and Lawler, Eugene L},
	booktitle = {Proc. ACM symp. on Theory of comp.},
	year = 1979,
}
@Article{hristu2003motion,
	title = {A Motion Description Language for Hybrid System Programming},
	author = {Hristu-Varsakelis, D and Anderson, S and Zhang, F and Sodre, P and Krishnaprasad, PS},
	journal = {Institute for Systems Research},
	year = 2003
}
@PHDThesis{sastra2011using,
	title = {Using reconfigurable modular robots for rapid development of dynamic locomotion experiments},
	author = {Sastra, Jimmy},
    school= {University of Pennsylvania},
	year = 2011
}
@Article{hornby2003generative,
	title = {Generative representations for the automated design of modular physical robots},
	author = {Hornby, Gregory S and Lipson, Hod and Pollack, Jordan B},
	journal = {ICRA},
	year = 2003,
}
@PHDThesis{casal2001reconfiguration,
	author = {Arancha Casal},
	title = {Reconfiguration planning for modular self-reconfigurable robots},
	school = {Stanford University},
	year = 2001
}
@InProceedings{yim2000polybot,
	title = {PolyBot: a modular reconfigurable robot},
	author = {Yim, Mark and Duff, David G and Roufas, Kimon D},
	booktitle = {ICRA},
	year = 2000,
}
@Conference{Quigley2009,
	title = {ROS: an open-source Robot Operating System},
	booktitle = {ICRA Workshop on Open Source Software},
	year = 2009,
	author = {Morgan Quigley and Ken Conley and Brian P. Gerkey and Josh Faust and Tully Foote and Jeremy Leibs and Rob Wheeler and Andrew Y. Ng}
}
@InProceedings{zhang2003phase,
	title = {Phase automata: a programming model of locomotion gaits for scalable chain-type modular robots},
	author = {Zhang, Ying and Yim, Mark and Eldershaw, Craig and Duff, Dave and Roufas, Kimon},
    booktitle = {IROS},
	year = 2003,
}
@InProceedings{yim2000modular,
	title = {Modular reconfigurable robots, an approach to urban search and rescue},
	author = {Yim, Mark and Duff, David G and Roufas, Kimon},
	booktitle = {1st Intl. Wkshp. on Human-friendly Welfare Robotics Systems},
	year = 2000
}
@Article{yim2007modular,
	title = {Modular self-reconfigurable robot systems [grand challenges of robotics]},
	author = {Yim, Mark and Shen, Wei-Min and Salemi, Behnam and Rus, Daniela and Moll, Mark and Lipson, Hod and Klavins, Eric and Chirikjian, Gregory S},
	journal = {Robotics \& Automation Mag., IEEE},
	year = 2007,
	publisher = {IEEE}
}
@PHDThesis{yim1994locomotion,
	title = {Locomotion with a unit-modular reconfigurable robot},
	author = {Yim, M.},
	year = 1994,
	school = {Stanford}
}
@InProceedings{Davey2012,
	title = {Emulating Self-reconfigurable Robots: Design of the SMORES system},
	author = {Davey, J. and others},
    booktitle = {IROS},
	year = 2012
}
@Article{de2008distributed,
	title = {Distributed watchpoints: Debugging large modular robot systems},
	author = {De Rosa, Michael and Goldstein, Seth and Lee, Peter and Campbell, Jason and Pillai, Padmanabhan},
    journal = {IJRR},
	year = 2008,
}
@Article{yoshida2002self,
	title = {A self-reconfigurable modular robot: Reconfiguration planning and experiments},
	author = {Yoshida, Eiichi and Matura, Satoshi and Kamimura, Akiya and Tomita, Kohji and Kurokawa, Haruhisa and Kokaji, Shigeru},
    journal = {IJRR},
	year = 2002,
}
@InProceedings{pan2012fcl,
	title = {FCL: A general purpose library for collision and proximity queries},
	author = {Pan, Jia and Chitta, Sachin and Manocha, Dinesh},
    booktitle = {ICRA},
	year = 2012,
}
@PHDThesis{casal2002,
	author = {Casal, Aranzazu},
	advisor = {Latombe, Jean-Claude},
	title = {Reconfiguration Planning for Modular Self-reconfigurable Robots},
	year = 2002,
	school = {Stanford University},
}
@InProceedings{mehta2014design,
	title = {A Design Environment for the Rapid Specification and Fabrication of Printable Robots},
	author = {Mehta, Ankur and Bezzo, Nicola and Gebhard, Peter and An, Byoungkwon and Kumar, Vijay and Lee, Insup and Rus, Daniela},
    booktitle = {ISER},
	year = 2014
}
@InProceedings{bezzo2014demo,
	title = {Demo abstract: ROSLabâ€”A modular programming environment for robotic applications},
	author = {Bezzo, Nicola and Park, Junkil and King, Andrew and Gebhard, Peter and Ivanov, Radoslav and Lee, Insup},
	booktitle = {ICCPS},
	year = 2014,
}
@InProceedings{mantzouratos2014embeddability,
	title = {On Embeddability of Modular Robot Designs},
	author = {Mantzouratos, Yannis and Tosun, Tarik and Khanna, Sanjeev, Yim and Mark},
    booktitle = {ICRA},
	year = 2014
}
@misc{PhysX,
  title = {PhysX},
  howpublished = {\url{http://www.geforce.com/hardware/technology/physx}},
  note = {Accessed: 2015-04-35}
}

@misc{Unity,
  title = {Unity3d},
  howpublished = {\url{http://unity3d.com/}},
  note = {Accessed: 2015-04-35}
}

